
@BOOK{ Author42,
  title={BOOK TITLE},
  author={AUTHOR},
  publisher={PUBLISHER},
  year={2013},
  month={1},
  edition={1},
  isbn={9781481262651},
  url={http://amazon.com/o/ASIN/1481262653/}
}

@misc{ TOPIC:NAME,
   author={AUTHOR},
   title = "{TITLE}",
   year = "2013",
   howpublished = "\url{http://example.com/blog:39}",
   note = "[Online; accessed 25-Apr-2013]"
}


